@article{alkan2011genome,
  title = {Genome Structural Variation Discovery and Genotyping},
  author = {Alkan, Can and Coe, Bradley P. and Eichler, Evan E.},
  year = 2011,
  month = may,
  journal = {Nature Reviews Genetics},
  volume = {12},
  number = {5},
  pages = {363--376},
  publisher = {Nature Publishing Group},
  issn = {1471-0064},
  doi = {10.1038/nrg2958},
  urldate = {2022-09-26},
  copyright = {2011 Nature Publishing Group, a division of Macmillan Publishers Limited. All Rights Reserved.},
  langid = {english}
}

@article{chen2016manta,
  title = {Manta: Rapid Detection of Structural Variants and Indels for Germline and Cancer Sequencing Applications},
  shorttitle = {Manta},
  author = {Chen, Xiaoyu and {Schulz-Trieglaff}, Ole and Shaw, Richard and Barnes, Bret and Schlesinger, Felix and K{\"a}llberg, Morten and Cox, Anthony J. and Kruglyak, Semyon and Saunders, Christopher T.},
  year = 2016,
  month = apr,
  journal = {Bioinformatics},
  volume = {32},
  number = {8},
  pages = {1220--1222},
  issn = {1367-4803},
  doi = {10.1093/bioinformatics/btv710},
  urldate = {2025-10-03},
  langid = {english}
}

@article{chen2017singlecell,
  title = {Single-Cell Whole-Genome Analyses by Linear Amplification via Transposon Insertion ({{LIANTI}})},
  author = {Chen, Chongyi and Xing, Dong and Tan, Longzhi and Li, Heng and Zhou, Guangyu and Huang, Lei and Xie, X. Sunney},
  year = 2017,
  month = apr,
  journal = {Science (new York, N.Y.)},
  volume = {356},
  number = {6334},
  pages = {189--194},
  issn = {1095-9203},
  doi = {10.1126/science.aak9787},
  langid = {english},
  pmcid = {PMC5538131},
  pmid = {28408603}
}

@article{chen2023deciphering,
  title = {Deciphering the Exact Breakpoints of Structural Variations Using Long Sequencing Reads with {{DeBreak}}},
  author = {Chen, Yu and Wang, Amy Y. and Barkley, Courtney A. and Zhang, Yixin and Zhao, Xinyang and Gao, Min and Edmonds, Mick D. and Chong, Zechen},
  year = 2023,
  month = jan,
  journal = {Nature Communications},
  volume = {14},
  number = {1},
  pages = {283},
  publisher = {Nature Publishing Group},
  issn = {2041-1723},
  doi = {10.1038/s41467-023-35996-1},
  urldate = {2025-10-03},
  copyright = {2023 The Author(s)},
  langid = {english}
}

@misc{consens2023transformers,
  title = {To Transformers and beyond: Large Language Models for the Genome},
  shorttitle = {To {{Transformers}} and {{Beyond}}},
  author = {Consens, Micaela E. and Dufault, Cameron and Wainberg, Michael and Forster, Duncan and Karimzadeh, Mehran and Goodarzi, Hani and Theis, Fabian J. and Moses, Alan and Wang, Bo},
  year = 2023,
  number = {arXiv:2311.07621},
  eprint = {2311.07621},
  primaryclass = {cs, q-bio},
  publisher = {arXiv},
  doi = {10.48550/arXiv.2311.07621},
  urldate = {2023-11-25},
  archiveprefix = {arXiv},
  langid = {english}
}

@article{danecek2021twelve,
  title = {Twelve Years of {{SAMtools}} and {{BCFtools}}},
  author = {Danecek, Petr and Bonfield, James K and Liddle, Jennifer and Marshall, John and Ohan, Valeriu and Pollard, Martin O and Whitwham, Andrew and Keane, Thomas and McCarthy, Shane A and Davies, Robert M and Li, Heng},
  year = 2021,
  month = feb,
  journal = {GigaScience},
  volume = {10},
  number = {2},
  pages = {giab008},
  issn = {2047-217X},
  doi = {10.1093/gigascience/giab008},
  urldate = {2025-10-06},
  langid = {english}
}

@article{dean2002comprehensive,
  title = {Comprehensive Human Genome Amplification Using Multiple Displacement Amplification},
  author = {Dean, Frank B. and Hosono, Seiyu and Fang, Linhua and Wu, Xiaohong and Faruqi, A. Fawad and {Bray-Ward}, Patricia and Sun, Zhenyu and Zong, Qiuling and Du, Yuefen and Du, Jing and Driscoll, Mark and Song, Wanmin and Kingsmore, Stephen F. and Egholm, Michael and Lasken, Roger S.},
  year = 2002,
  month = apr,
  journal = {Proceedings of the National Academy of Sciences},
  volume = {99},
  number = {8},
  pages = {5261--5266},
  publisher = {Proceedings of the National Academy of Sciences},
  doi = {10.1073/pnas.082089499},
  urldate = {2025-10-20},
  langid = {english}
}

@article{decoster2023nanopack2,
  title = {{{NanoPack2}}: Population-Scale Evaluation of Long-Read Sequencing Data},
  shorttitle = {{{NanoPack2}}},
  author = {De Coster, Wouter and Rademakers, Rosa},
  year = 2023,
  month = may,
  journal = {Bioinformatics},
  volume = {39},
  number = {5},
  pages = {btad311},
  issn = {1367-4811},
  doi = {10.1093/bioinformatics/btad311},
  urldate = {2025-10-07},
  langid = {english}
}

@article{dippenaar2024droplet,
  title = {Droplet Based Whole Genome Amplification for Sequencing Minute Amounts of Purified Mycobacterium Tuberculosis {{DNA}}},
  author = {Dippenaar, Anzaan and Ismail, Nabila and Heupink, Tim H. and Grobbelaar, Melanie and Loubser, Johannes and Van Rie, Annelies and Warren, Robin M.},
  year = 2024,
  month = apr,
  journal = {Scientific Reports},
  volume = {14},
  number = {1},
  pages = {9931},
  publisher = {Nature Publishing Group},
  issn = {2045-2322},
  doi = {10.1038/s41598-024-60545-1},
  urldate = {2025-10-23},
  copyright = {2024 The Author(s)},
  langid = {english}
}

@article{gonzalez-pena2021accurate,
  title = {Accurate Genomic Variant Detection in Single Cells with Primary Template-Directed Amplification},
  author = {{Gonzalez-Pena}, Veronica and Natarajan, Sivaraman and Xia, Yuntao and Klein, David and Carter, Robert and Pang, Yakun and Shaner, Bridget and Annu, Kavya and Putnam, Daniel and Chen, Wenan and Connelly, Jon and {Pruett-Miller}, Shondra and Chen, Xiang and Easton, John and Gawad, Charles},
  year = 2021,
  month = jun,
  journal = {Proceedings of the National Academy of Sciences},
  volume = {118},
  number = {24},
  pages = {e2024176118},
  publisher = {Proceedings of the National Academy of Sciences},
  doi = {10.1073/pnas.2024176118},
  urldate = {2025-10-23},
  langid = {english}
}

@article{heller2019svim,
  title = {{{SVIM}}: Structural Variant Identification Using Mapped Long Reads},
  shorttitle = {Svim},
  author = {Heller, David and Vingron, Martin},
  year = 2019,
  month = sep,
  journal = {Bioinformatics},
  volume = {35},
  number = {17},
  pages = {2907--2915},
  issn = {1367-4803},
  doi = {10.1093/bioinformatics/btz041},
  urldate = {2025-10-03},
  langid = {english}
}

@article{jiang2020longreadbased,
  title = {Long-Read-Based Human Genomic Structural Variation Detection with {{cuteSV}}},
  author = {Jiang, Tao and Liu, Yongzhuang and Jiang, Yue and Li, Junyi and Gao, Yan and Cui, Zhe and Liu, Yadong and Liu, Bo and Wang, Yadong},
  year = 2020,
  month = aug,
  journal = {Genome Biology},
  volume = {21},
  number = {1},
  pages = {189},
  issn = {1474-760X},
  doi = {10.1186/s13059-020-02107-y},
  urldate = {2025-10-03},
  langid = {english}
}

@article{lasken2007mechanism,
  title = {Mechanism of Chimera Formation during the Multiple Displacement Amplification Reaction},
  author = {Lasken, Roger S. and Stockwell, Timothy B.},
  year = 2007,
  month = apr,
  journal = {BMC Biotechnology},
  volume = {7},
  number = {1},
  pages = {19},
  issn = {1472-6750},
  doi = {10.1186/1472-6750-7-19},
  urldate = {2025-10-23},
  langid = {english}
}

@article{leung2012programmable,
  title = {A Programmable Droplet-Based Microfluidic Device Applied to Multiparameter Analysis of Single Microbes and Microbial Communities},
  author = {Leung, Kaston and Zahn, Hans and Leaver, Timothy and Konwar, Kishori M. and Hanson, Niels W. and Pag{\'e}, Antoine P. and Lo, Chien-Chi and Chain, Patrick S. and Hallam, Steven J. and Hansen, Carl L.},
  year = 2012,
  month = may,
  journal = {Proceedings of the National Academy of Sciences},
  volume = {109},
  number = {20},
  pages = {7665--7670},
  publisher = {Proceedings of the National Academy of Sciences},
  doi = {10.1073/pnas.1106752109},
  urldate = {2025-10-21},
  langid = {english}
}

@article{li2018minimap2,
  title = {Minimap2: Pairwise Alignment for Nucleotide Sequences},
  shorttitle = {Minimap2},
  author = {Li, Heng},
  year = 2018,
  month = sep,
  journal = {Bioinformatics},
  volume = {34},
  number = {18},
  pages = {3094--3100},
  issn = {1367-4803},
  doi = {10.1093/bioinformatics/bty191},
  urldate = {2023-01-09},
  langid = {english}
}

@article{macaulay2014single,
  title = {Single Cell Genomics: Advances and Future Perspectives},
  shorttitle = {Single Cell Genomics},
  author = {Macaulay, Iain C. and Voet, Thierry},
  year = 2014,
  month = jan,
  journal = {PLOS Genetics},
  volume = {10},
  number = {1},
  pages = {e1004126},
  publisher = {Public Library of Science},
  issn = {1553-7404},
  doi = {10.1371/journal.pgen.1004126},
  urldate = {2025-10-23},
  langid = {english}
}

@article{martin2011cutadapt,
  title = {Cutadapt Removes Adapter Sequences from High-Throughput Sequencing Reads},
  author = {Martin, Marcel},
  year = 2011,
  month = may,
  journal = {Embnet.journal},
  volume = {17},
  number = {1},
  pages = {10--12},
  issn = {2226-6089},
  doi = {10.14806/ej.17.1.200},
  urldate = {2025-10-16},
  copyright = {Copyright (c)},
  langid = {english}
}

@article{navin2011tumour,
  title = {Tumour Evolution Inferred by Single-Cell Sequencing},
  author = {Navin, Nicholas and Kendall, Jude and Troge, Jennifer and Andrews, Peter and Rodgers, Linda and McIndoo, Jeanne and Cook, Kerry and Stepansky, Asya and Levy, Dan and Esposito, Diane and Muthuswamy, Lakshmi and Krasnitz, Alex and McCombie, W. Richard and Hicks, James and Wigler, Michael},
  year = 2011,
  month = apr,
  journal = {Nature},
  volume = {472},
  number = {7341},
  pages = {90--94},
  publisher = {Nature Publishing Group},
  issn = {1476-4687},
  doi = {10.1038/nature09807},
  urldate = {2025-10-20},
  copyright = {2011 Springer Nature Limited},
  langid = {english}
}

@article{pinard2006assessment,
  title = {Assessment of Whole Genome Amplification-Induced Bias through High-Throughput, Massively Parallel Whole Genome Sequencing},
  author = {Pinard, Robert and {de Winter}, Alex and Sarkis, Gary J. and Gerstein, Mark B. and Tartaro, Karrie R. and Plant, Ramona N. and Egholm, Michael and Rothberg, Jonathan M. and Leamon, John H.},
  year = 2006,
  month = aug,
  journal = {BMC Genomics},
  volume = {7},
  number = {1},
  pages = {216},
  issn = {1471-2164},
  doi = {10.1186/1471-2164-7-216},
  urldate = {2025-10-21},
  langid = {english}
}

@article{rausch2012delly,
  title = {{{DELLY}}: Structural Variant Discovery by Integrated Paired-End and Split-Read Analysis},
  shorttitle = {Delly},
  author = {Rausch, Tobias and Zichner, Thomas and Schlattl, Andreas and St{\"u}tz, Adrian M. and Benes, Vladimir and Korbel, Jan O.},
  year = 2012,
  month = sep,
  journal = {Bioinformatics},
  volume = {28},
  number = {18},
  pages = {i333-i339},
  issn = {1367-4803},
  doi = {10.1093/bioinformatics/bts378},
  urldate = {2025-10-03},
  langid = {english}
}

@misc{rizvi2025scaling,
  title = {Scaling Large Language Models for Next-Generation Single-Cell Analysis},
  author = {Rizvi, Syed Asad and Levine, Daniel and Patel, Aakash and Zhang, Shiyang and Wang, Eric and Perry, Curtis Jamison and Constante, Nicole Mayerli and He, Sizhuang and Zhang, David and Tang, Cerise and Lyu, Zhuoyang and Darji, Rayyan and Li, Chang and Sun, Emily and Jeong, David and Zhao, Lawrence and Kwan, Jennifer and Braun, David and Hafler, Brian and Chung, Hattie and Dhodapkar, Rahul M. and Perozzi, Bryan and Ishizuka, Jeffrey and Azizi, Shekoofeh and van Dijk, David},
  year = 2025,
  month = oct,
  primaryclass = {New Results},
  pages = {2025.04.14.648850},
  publisher = {bioRxiv},
  issn = {2692-8205},
  doi = {10.1101/2025.04.14.648850},
  urldate = {2025-10-17},
  archiveprefix = {bioRxiv},
  chapter = {New Results},
  copyright = {{\copyright} 2025, Posted by Cold Spring Harbor Laboratory. This pre-print is available under a Creative Commons License (Attribution-NonCommercial-NoDerivs 4.0 International), CC BY-NC-ND 4.0, as described at http://creativecommons.org/licenses/by-nc-nd/4.0/},
  langid = {english}
}

@article{routhier2022genomics,
  title = {Genomics Enters the Deep Learning Era},
  author = {Routhier, Etienne and Mozziconacci, Julien},
  year = 2022,
  month = jun,
  journal = {PeerJ},
  volume = {10},
  pages = {e13613},
  issn = {2167-8359},
  doi = {10.7717/peerj.13613},
  urldate = {2023-03-20},
  langid = {english}
}

@article{telenius1992degenerate,
  title = {Degenerate Oligonucleotide-Primed {{PCR}}: General Amplification of Target {{DNA}} by a Single Degenerate Primer},
  shorttitle = {Degenerate Oligonucleotide-Primed {{PCR}}},
  author = {Telenius, Ha{\r{}}kan and Carter, Nigel P. and Bebb, Charlotte E. and Nordenskjo{\textasciidieresis}ld, Magnus and Ponder, Bruce A. J. and Tunnacliffe, Alan},
  year = 1992,
  month = jul,
  journal = {Genomics},
  volume = {13},
  number = {3},
  pages = {718--725},
  issn = {0888-7543},
  doi = {10.1016/0888-7543(92)90147-K},
  urldate = {2025-10-21},
  langid = {english}
}

@article{wala2018svaba,
  title = {{{SvABA}}: Genome-Wide Detection of Structural Variants and Indels by Local Assembly},
  shorttitle = {{{SvABA}}},
  author = {Wala, Jeremiah A. and Bandopadhayay, Pratiti and Greenwald, Noah F. and O'Rourke, Ryan and Sharpe, Ted and Stewart, Chip and Schumacher, Steve and Li, Yilong and Weischenfeldt, Joachim and Yao, Xiaotong and Nusbaum, Chad and Campbell, Peter and Getz, Gad and Meyerson, Matthew and Zhang, Cheng-Zhong and Imielinski, Marcin and Beroukhim, Rameen},
  year = 2018,
  month = apr,
  journal = {Genome Research},
  volume = {28},
  number = {4},
  pages = {581--591},
  publisher = {Cold Spring Harbor Lab},
  issn = {1088-9051, 1549-5469},
  doi = {10.1101/gr.221028.117},
  urldate = {2025-10-03},
  langid = {english},
  pmid = {29535149}
}
