@article{kalef2024single,
  author = {Kalef-Ezra, Ester and Turan, Zeliha Gozde and Perez-Rodriguez, Diego
            and Bomann, Ida and Behera, Sairam and Morley, Caoimhe and Scholz,
            Sonja W. and Jaunmuktane, Zane and Demeulemeester, Jonas and
            Sedlazeck, Fritz J. and Proukakis, Christos},
  title = {{Single-cell somatic copy number variants in brain using different
           amplification methods and reference genomes}},
  journal = {Communications Biology},
  year = {2024},
  volume = {7},
  number = {1},
  pages = {1288},
}

@article{sun2024mapping,
  author = {Sun, Chen and Kathuria, Kunal and Emery, Sarah B. and Kim, ByungJun
            and Burbulis, Ian E. and Shin, Joo Heon and Gleeson, Joseph G. and
            Breuss, Martin W. and Yang, Xiaoxu and Antaki, Danny and Chung,
            Changuk and Averbuj, Dan and Ball, Laurel L. and Roy, Subhojit and
            Weinberger, Daniel R. and Jaffe, Andrew and Paquola, Apua and Erwin,
            Jennifer and Straub, Richard and Narurkar, Rujuta and Mathern, Gary
            and Walsh, Christopher A. and Lee, Alice and Huang, August Yue and
            D'Gama, Alissa and Dias, Caroline and Maury, Eduardo and Ganz, Javier
            and Lodato, Michael and Miller, Michael and Li, Pengpeng and Rodin,
            Rachel and Borges-Monroy, Rebeca and Hill, Robert and Bizzotto, Sara
            and Khoshkhoo, Sattar and Kim, Sonia and Zhou, Zinan and Park, Peter
            J. and Barton, Alison and Galor, Alon and Chu, Chong and Bohrson,
            Craig and Gulhan, Doga and Lim, Elaine and Lim, Euncheon and Melloni,
            Giorgio and Cortes, Isidro and Lee, Jake and Luquette, Joe and Yang,
            Lixing and Sherman, Maxwell and Coulter, Michael and Kwon, Minseok
            and Lee, Semin and Lee, Soo and Viswanadham, Vinary and Dou, Yanmei
            and Chess, Andrew J. and Jones, Attila and Rosenbluh, Chaggai and
            Akbarian, Schahram and Langmead, Ben and Thorpe, Jeremy and Cho, Sean
            and Abyzov, Alexej and Bae, Taejeong and Jang, Yeongjun and Wang,
            Yifan and Molitor, Cindy and Peters, Mette and Gage, Fred H. and Wang
            , Meiyan and Reed, Patrick and Linker, Sara and Urban, Alexander and
            Zhou, Bo and Pattni, Reenal and Zhu, Xiaowei and Serres Amero, Aitor
            and Juan, David and Povolotskaya, Inna and Lobon, Irene and Solis
            Moruno, Manuel and Garcia Perez, Raquel and Marques-Bonet, Tomas and
            Soriano, Eduardo and Moran, John V. and Flasch, Diane A. and Frisbie,
            Trenton J. and Kopera, Huira C. and Kidd, Jeffrey M. and Moldovan,
            John B. and Kwan, Kenneth Y. and Mills, Ryan E. and Zhou, Weichen and
            Zhao, Xuefang and Ratan, Aakrosh and Vaccarino, Flora M. and Cherskov
            , Adriana and Jourdon, Alexandre and Fasching, Liana and Sestan,
            Nenad and Pochareddy, Sirisha and Scuder, Soraya and McConnell,
            Michael J.},
  title = {{Mapping recurrent mosaic copy number variation in human neurons}},
  journal = {Nature Communications},
  year = {2024},
  volume = {15},
  number = {1},
  pages = {4220},
}

@article{gawad2016single,
  author = {Gawad, Charles and Koh, Winston and Quake, Stephen R},
  title = {{Single-cell genome sequencing: current state of the science}},
  journal = {Nature Reviews Genetics},
  year = {2016},
  volume = {17},
  number = {3},
  pages = {175--188},
}

@article{leung2016highly,
  author = {Leung, Marco L. and Wang, Yong and Kim, Charissa and Gao, Ruli and
            Jiang, Jerry and Sei, Emi and Navin, Nicholas E.},
  title = {{Highly multiplexed targeted DNA sequencing from single nuclei}},
  journal = {Nature Protocols},
  year = {2016},
  volume = {11},
  number = {2},
  pages = {214--235},
}

@article{zong2012genome,
  author = {Zong, Chenghang and Lu, Sijia and Chapman, Alec R. and Xie,
            Xiaoliang Sunney},
  title = {{Genome-Wide Detection of Single-Nucleotide and Copy-Number
           Variations of a Single Human Cell}},
  journal = {Science},
  year = {2012},
  volume = {338},
  number = {6114},
  pages = {1622--1626},
}

@article{huang2015single,
  author = {Huang, Lei and Ma, Fei and Chapman, Alec and Lu, Sijia and Xie,
            Xiaoliang Sunney},
  title = {{Single-cell whole-genome amplification and sequencing: methodology
           and applications}},
  journal = {Annual Review of Genomics and Human Genetics},
  year = {2015},
  volume = {16},
  number = {1},
  pages = {79--102},
}

@article{de2014quantitative,
  author = {de Bourcy, Charles F. A. and De Vlaminck, Iwijn and Kanbar, Jad N.
            and Wang, Jianbin and Gawad, Charles and Quake, Stephen R.},
  title = {{A quantitative comparison of single-cell whole genome amplification
           methods}},
  journal = {PLoS ONE},
  year = {2014},
  volume = {9},
  number = {8},
  pages = {e105585},
}

@article{biezuner2021comparison,
  author = {Biezuner, Tamir and Raz, Ofir and Amir, Shiran and Milo, Lilach and
            Adar, Rivka and Fried, Yael and Ainbinder, Elena and Shapiro, Ehud},
  title = {{Comparison of seven single cell whole genome amplification
           commercial kits using targeted sequencing}},
  journal = {Scientific Reports},
  year = {2021},
  volume = {11},
  number = {1},
  pages = {17171},
}

@article{fu2015uniform,
  author = {Fu, Yusi and Li, Chunmei and Lu, Sijia and Zhou, Wenxiong and Tang,
            Fuchou and Xie, X. Sunney and Huang, Yanyi},
  title = {{Uniform and accurate single-cell sequencing based on emulsion
           whole-genome amplification}},
  journal = {Proceedings of the National Academy of Sciences},
  year = {2015},
  volume = {112},
  number = {38},
  pages = {11923--11928},
}

@article{lu2023chimera,
  author = {Lu, Na and Qiao, Yi and Lu, Zuhong and Tu, Jing},
  title = {{Chimera: The spoiler in multiple displacement amplification}},
  journal = {Computational and Structural Biotechnology Journal},
  year = {2023},
  volume = {21},
  pages = {1688--1696},
}

@article{lu2023exploration,
  author = {Lu, Na and Qiao, Yi and An, Pengfei and Luo, Jiajian and Bi,
            Changwei and Li, Musheng and Lu, Zuhong and Tu, Jing},
  title = {{Exploration of whole genome amplification generated chimeric
           sequences in long-read sequencing data}},
  journal = {Briefings in Bioinformatics},
  year = {2023},
  volume = {24},
  number = {5},
  pages = {bbad275},
}

@article{kiguchi2021long,
  author = {Kiguchi, Yuya and Nishijima, Suguru and Kumar, Naveen and Hattori,
            Masahira and Suda, Wataru},
  title = {{Long-read metagenomics of multiple displacement amplified DNA of
           low-biomass human gut phageomes by SACRA pre-processing chimeric reads
           }},
  journal = {DNA Research},
  year = {2021},
  volume = {28},
  number = {6},
  pages = {dsab019},
}

@article{dalla2025nucleotide,
  author = {Dalla-Torre, Hugo and Gonzalez, Liam and Mendoza-Revilla, Javier and
            Lopez Carranza, Nicolas and Grzywaczewski, Adam Henryk and Oteri,
            Francesco and Dallago, Christian and Trop, Evan and de Almeida,
            Bernardo P and Sirelkhatim, Hassan and Richard, Guillaume and Skwark,
            Marcin and Beguir, Karim and Lopez, Marie and Pierrot, Thomas},
  title = {{Nucleotide Transformer: building and evaluating robust foundation
           models for human genomics}},
  journal = {Nature Methods},
  year = {2025},
  volume = {22},
  number = {2},
  pages = {287--297},
}

@inproceedings{zhou2023dnabert,
  author = {Zhou, Zhihan and Ji, Yanrong and Li, Weijian and Dutta, Pratik and
            Davuluri, Ramana V. and Liu, Han},
  title = {{DNABERT-2: Efficient Foundation Model and Benchmark For
           Multi-Species Genomes}},
  booktitle = {Proceedings of the International Conference on Learning
               Representations},
  year = {2024},
  pages = {1--24},
}

@inproceedings{nguyen2023hyenadna,
  author = {Nguyen, Eric and Poli, Michael and Faizi, Marjan and Thomas, Armin
            and Wornow, Michael and Birch-Sykes, Callum and Massaroli, Stefano
            and Patel, Aman and Rabideau, Clayton and Bengio, Yoshua and Ermon,
            Stefano and R{\'e}, Christopher and Baccus, Stephen},
  title = {{HyenaDNA: Long-Range Genomic Sequence Modeling at Single Nucleotide
           Resolution}},
  booktitle = {Advances in Neural Information Processing Systems},
  year = {2023},
  volume = {36},
  pages = {43177--43201},
}

@article{kosugi2019comprehensive,
  author = {Kosugi, Shunichi and Momozawa, Yukihide and Liu, Xiaoxi and Terao,
            Chikashi and Kubo, Michiaki and Kamatani, Yoichiro},
  title = {{Comprehensive evaluation of structural variation detection
           algorithms for whole genome sequencing}},
  journal = {Genome Biology},
  year = {2019},
  volume = {20},
  number = {1},
  pages = {117},
}

@article{mahmoud2019structural,
  author = {Mahmoud, Medhat and Gobet, Nastassia and Cruz-D{\'a}valos, Diana
            Ivette and Mounier, Ninon and Dessimoz, Christophe and Sedlazeck,
            Fritz J.},
  title = {{Structural variant calling: the long and the short of it}},
  journal = {Genome Biology},
  year = {2019},
  volume = {20},
  number = {1},
  pages = {246},
}

@article{agyabeng2025evaluating,
  author = {Agyabeng-Dadzie, Fiifi and Beaudry, Megan S. and Deyanov, Alex and
            Slanis, Haley and Duong, Minh Q. and Turner, Randi and Khan, Asis and
            Arias, Cesar A. and Kissinger, Jessica C. and Glenn, Travis C. and de
            Paula Baptista, Rodrigo},
  title = {{Evaluating the Benefits and Limits of Multiple Displacement
           Amplification With Whole-Genome Oxford Nanopore Sequencing}},
  journal = {Molecular Ecology Resources},
  year = {2025},
  volume = {25},
  number = {6},
  pages = {e14094},
}

@inproceedings{vaswani2017attention,
  author = {Vaswani, Ashish and Shazeer, Noam and Parmar, Niki and Uszkoreit,
            Jakob and Jones, Llion and Gomez, Aidan N. and Kaiser, {\L}ukasz and
            Polosukhin, Illia},
  title = {{Attention Is All You Need}},
  booktitle = {Advances in Neural Information Processing Systems},
  year = {2017},
  volume = {30},
  pages = {5998--6008},
}

@inproceedings{adamw,
  author = {Loshchilov, Ilya and Hutter, Frank},
  title = {{Decoupled Weight Decay Regularization}},
  booktitle = {Proceedings of the 7th International Conference on Learning
               Representations},
  year = {2019},
}

@inproceedings{kingma2014adam,
  author = {Kingma, Diederik P. and Ba, Jimmy Lei},
  title = {{Adam: A Method for Stochastic Optimization}},
  booktitle = {Proceedings of the 3rd International Conference on Learning
               Representations},
  year = {2015},
}

@inproceedings{paszke2019pytorch,
  author = {Paszke, Adam and Gross, Sam and Massa, Francisco and Lerer, Adam and
            Bradbury, James and Chanan, Gregory and Killeen, Trevor and Lin,
            Zeming and Gimelshein, Natalia and Antiga, Luca and Desmaison, Alban
            and Kopf, Andreas and Yang, Edward and DeVito, Zachary and Raison,
            Martin and Tejani, Alykhan and Chilamkurthy, Sasank and Steiner,
            Benoit and Fang, Lu and Bai, Junjie and Chintala, Soumith},
  title = {{PyTorch: An Imperative Style, High-Performance Deep Learning Library
           }},
  booktitle = {Advances in Neural Information Processing Systems},
  year = {2019},
  volume = {32},
  pages = {8024--8035},
}

@article{Hunter2007,
  author = {Hunter, John D.},
  title = {{Matplotlib: A 2D Graphics Environment}},
  journal = {Computing in Science \& Engineering},
  year = {2007},
  volume = {9},
  number = {3},
  pages = {90--95},
}

@article{Waskom2021,
  author = {Waskom, Michael L.},
  title = {{seaborn: statistical data visualization}},
  journal = {Journal of Open Source Software},
  year = {2021},
  volume = {6},
  number = {60},
  pages = {3021},
}

@misc{Yadan2019Hydra,
  author = {Yadan, Omry},
  title = {{Hydra - A framework for elegantly configuring complex applications}},
  howpublished = {GitHub repository},
  year = {2019},
  url = {https://github.com/facebookresearch/hydra},
  note = {Accessed: 2025-10-01},
}

@inproceedings{Poli2023HyenaHT,
  author = {Poli, Michael and Massaroli, Stefano and Nguyen, Eric and Fu, Daniel
            Y. and Dao, Tri and Baccus, Stephen and Bengio, Yoshua and Ermon,
            Stefano and R{\'e}, Christopher},
  title = {{Hyena Hierarchy: Towards Larger Convolutional Language Models}},
  booktitle = {Proceedings of the 40th International Conference on Machine
               Learning},
  year = {2023},
  volume = {202},
  pages = {28043--28078},
}

@article{Smolka2024,
  author = {Smolka, Moritz and Paulin, Luis F. and Grochowski, Christopher M.
            and Horner, Dominic W. and Mahmoud, Medhat and Behera, Sairam and
            Kalef-Ezra, Ester and Gandhi, Mira and Hong, Karl and Pehlivan, Davut
            and Scholz, Sonja W. and Carvalho, Claudia M. B. and Proukakis,
            Christos and Sedlazeck, Fritz J.},
  title = {{Detection of mosaic and population-level structural variants with
           Sniffles2}},
  journal = {Nature Biotechnology},
  year = {2024},
  volume = {42},
  number = {10},
  pages = {1571--1580},
}

@article{Sedlazeck2018,
  author = {Sedlazeck, Fritz J. and Rescheneder, Philipp and Smolka, Moritz and
            Fang, Han and Nattestad, Maria and von Haeseler, Arndt and Schatz,
            Michael C.},
  title = {{Accurate detection of complex structural variations using
           single-molecule sequencing}},
  journal = {Nature Methods},
  year = {2018},
  volume = {15},
  number = {6},
  pages = {461--468},
}

@software{Falcon_PyTorch_Lightning_2019,
  title = {{PyTorch Lightning}},
  author = {Falcon, William and {The PyTorch Lightning team}},
  year = 2019,
  month = {mar},
  doi = {10.5281/zenodo.3828935},
  url = {https://github.com/Lightning-AI/lightning},
  license = {Apache-2.0},
  version = {1.4},
}


@article{chen2016manta,
  title = {Manta: Rapid Detection of Structural Variants and Indels for Germline
           and Cancer Sequencing Applications},
  shorttitle = {Manta},
  author = {Chen, Xiaoyu and Schulz-Trieglaff, Ole and Shaw, Richard and Barnes,
            Bret and Schlesinger, Felix and Källberg, Morten and Cox, Anthony J.
            and Kruglyak, Semyon and Saunders, Christopher T.},
  date = {2016-04-15},
  journaltitle = {Bioinformatics},
  shortjournal = {Bioinformatics},
  volume = {32},
  number = {8},
  pages = {1220--1222},
  issn = {1367-4803},
  doi = {10.1093/bioinformatics/btv710},
  langid = {english},
}

@article{chen2023deciphering,
  title = {Deciphering the Exact Breakpoints of Structural Variations Using Long
           Sequencing Reads with {{DeBreak}}},
  author = {Chen, Yu and Wang, Amy Y. and Barkley, Courtney A. and Zhang, Yixin
            and Zhao, Xinyang and Gao, Min and Edmonds, Mick D. and Chong, Zechen
            },
  date = {2023-01-17},
  journaltitle = {Nature Communications},
  shortjournal = {Nat. Commun.},
  volume = {14},
  number = {1},
  pages = {283},
  publisher = {Nature Publishing Group},
  issn = {2041-1723},
  doi = {10.1038/s41467-023-35996-1},
  langid = {english},
}

@article{rausch2012delly,
  title = {{{DELLY}}: Structural Variant Discovery by Integrated Paired-End and
           Split-Read Analysis},
  shorttitle = {Delly},
  author = {Rausch, Tobias and Zichner, Thomas and Schlattl, Andreas and Stütz,
            Adrian M. and Benes, Vladimir and Korbel, Jan O.},
  date = {2012-09-15},
  journaltitle = {Bioinformatics},
  shortjournal = {Bioinformatics},
  volume = {28},
  number = {18},
  pages = {i333-i339},
  issn = {1367-4803},
  doi = {10.1093/bioinformatics/bts378},
  langid = {english},
}

@article{wala2018svaba,
  title = {{{SvABA}}: Genome-Wide Detection of Structural Variants and Indels by
           Local Assembly},
  shorttitle = {{{SvABA}}},
  author = {Wala, Jeremiah A. and Bandopadhayay, Pratiti and Greenwald, Noah F.
            and O'Rourke, Ryan and Sharpe, Ted and Stewart, Chip and Schumacher,
            Steve and Li, Yilong and Weischenfeldt, Joachim and Yao, Xiaotong and
            Nusbaum, Chad and Campbell, Peter and Getz, Gad and Meyerson, Matthew
            and Zhang, Cheng-Zhong and Imielinski, Marcin and Beroukhim, Rameen},
  date = {2018-04-01},
  journaltitle = {Genome Research},
  shortjournal = {Genome Res.},
  volume = {28},
  number = {4},
  eprint = {29535149},
  eprinttype = {pubmed},
  pages = {581--591},
  publisher = {Cold Spring Harbor Lab},
  issn = {1088-9051, 1549-5469},
  doi = {10.1101/gr.221028.117},
  langid = {english},
}


@article{heller2019svim,
  title = {{{SVIM}}: Structural Variant Identification Using Mapped Long Reads},
  shorttitle = {Svim},
  author = {Heller, David and Vingron, Martin},
  date = {2019-09-01},
  journaltitle = {Bioinformatics},
  shortjournal = {Bioinformatics},
  volume = {35},
  number = {17},
  pages = {2907--2915},
  issn = {1367-4803},
  doi = {10.1093/bioinformatics/btz041},
  langid = {english},
}

@article{jiang2020longreadbased,
  title = {Long-Read-Based Human Genomic Structural Variation Detection with {{
           cuteSV}}},
  author = {Jiang, Tao and Liu, Yongzhuang and Jiang, Yue and Li, Junyi and Gao,
            Yan and Cui, Zhe and Liu, Yadong and Liu, Bo and Wang, Yadong},
  date = {2020-08-03},
  journaltitle = {Genome Biology},
  shortjournal = {Genome Biol.},
  volume = {21},
  number = {1},
  pages = {189},
  issn = {1474-760X},
  doi = {10.1186/s13059-020-02107-y},
  langid = {english},
}

