@article{lu2023chimera,
  title = {Chimera: The spoiler in multiple displacement amplification},
  author = {Lu, Na and Qiao, Yi and Lu, Zuhong and Tu, Jing},
  journal = {Computational and Structural Biotechnology Journal},
  volume = {21},
  pages = {1688--1696},
  year = {2023},
  publisher = {Elsevier},
}


@article{agyabeng2025evaluating,
  title = {Evaluating the Benefits and Limits of Multiple Displacement
           Amplification With Whole-Genome Oxford Nanopore Sequencing},
  author = {Agyabeng-Dadzie, Fiifi and Beaudry, Megan S and Deyanov, Alex and
            Slanis, Haley and Duong, Minh Q and Turner, Randi and Khan, Asis and
            Arias, Cesar A and Kissinger, Jessica C and Glenn, Travis C and
            others},
  journal = {Molecular Ecology Resources},
  pages = {e14094},
  year = {2025},
  publisher = {Wiley Online Library},
}
